% -*-coding: utf-8 -*-

@BOOK{BEZOS02,
  AUTHOR     = "J. Bezos",
  FULLAUTHOR = "Javier Bezos",
  TITLE      = "The titlesec and titletoc Packages",
  MONTH      = "March",
  YEAR       = "2002",
  Pages      = "10--20",
  Edition    = "2nd",
}

@BOOK{OOSTRUM01,
  AUTHOR     = "{P. Oostrum, ifuleyou@bbs.ctex.org~译}",
  FULLAUTHOR = "Piet van Oostrum",
  TITLE      = "{\LaTeX}下的页面布局",
  MONTH      = "August",
  YEAR       = "2001",
  Pages      = "10--20",
}

@ARTICLE{SHELL02,
  AUTHOR     = "Michael Shell",
  TITLE      = "How to Use the {IEEEtran} {\LaTeX} Class",
  JOURNAL    = "Journal of {\LaTeX} Class Files",
  VOLUME     = "1",
  NUMBER     = "11",
  MONTH      = "November",
  YEAR       = "2002",
  Pages      = "10--20",
}

@BOOK{TEXGURU99,
  AUTHOR     = "{\TeX}Guru",
  TITLE      = "{\LaTeX 2$\varepsilon$}用户手册",
  YEAR       = "1999",
  Pages      = "10--20",
}

@BOOK{WANG00,
  AUTHOR     = "{K. Reckdahl~原著, 王磊~译}",
  FULLAUTHOR = "Keith Reckdahl, 王磊~译",
  TITLE      = "Using Import graphics in {\LaTeX 2$\varepsilon$}, {\LaTeX 2$\varepsilon$}插图指南",
  YEAR       = "2000",
  Pages      = "10--20",
}


@BOOK{Zhang2002,
  AUTHOR     = "张三 and 李四 and 王五 and 马六 and 麻七",
  FULLAUTHOR = "武侠小说出版社",
  TITLE      = "七仙女下凡除妖记",
  MONTH      = "7月",
  YEAR       = "2002",
  Pages      = "1--200",
  Edition     = "第二版",
}

@article{zarchan84,
   Author = {Nesline, F. W. and Zarchan, P. and P. Oostrum and Michael Shell},
   Title = {Miss distance dynamics in homing missiles},
   Journal = {Guidance and Control Conference, Seattle, WA, Technical Papers},
   Pages = {84-98},
   Year = {1984}
}

@phdthesis{zhangsanfeng83,
   Author = {张三丰},
   Title = {太极剑法与太极拳},
   School = {武当大学},
   Year = {1783},
   type = {博士学位论文},
   pages= {15--16},
 }

@phdthesis{zhangsanfeng,
   Author = {Zhang,S. F.},
   Title = {Tai ji jian and tai ji quang},
   School = {wu dan university},
   Year = {1783},
   pages= {15--16},
 }
